@misc{RedondoPlantillasRG19,
    author = "{Jose Manuel Redondo}",
    title = {{Documentos-modelo para Trabajos de Fin de Grado/Master de la Escuela de Informática de Oviedo}},
    howpublished = {\url{https://www.researchgate.net/publication/327882831_Plantilla_de_Proyectos_de_Fin_de_Carrera_de_la_Escuela_de_Informatica_de_Oviedo}},
    note = {Online; accessed 13 Jul 2020} ,
    year=2019,
}


@article{RedondoUCO20,
	author = "{Jose Manuel Redondo}",
	title= {{Creación y evaluación de plantillas para trabajos de fin de grado como buena práctica docente}},
	journal =      "Revista de Innovación y Buenas Prácticas Docentes",
	volume="pp",
	number="pp",
	pages ="pp",
	year=2020,
}

@misc{Elena19LNE,
    author = "{J. M. Requena}",
    title = {{El consejero de Universidad pide apostar por la innovación y generar conocimiento}},
    howpublished = {\url{https://www.lne.es/asturias/2019/08/13/consejero-universidad-pide-apostar-innovacion/2514937.html}},
    note = {Online; accessed 13 Jul 2020} ,
    year=2019,

}